<record><leader>00000cas a22000007a 4500</leader><controlfield tag="001">25699020</controlfield><controlfield tag="008">920423d18921895scuwr ne      0    0eng d</controlfield><datafield ind1=" " ind2=" " tag="010"><subfield code="a">sn 92065516 </subfield></datafield><datafield ind1=" " ind2=" " tag="040"><subfield code="a">SVN</subfield><subfield code="b">eng</subfield><subfield code="c">SVN</subfield><subfield code="d">OCLCQ</subfield></datafield><datafield ind1=" " ind2=" " tag="042"><subfield code="a">msc</subfield></datafield><datafield ind1="0" ind2=" " tag="130"><subfield code="a">Enterprise (Orangeburg, S.C.)</subfield></datafield><datafield ind1="1" ind2="4" tag="245"><subfield code="a">The Enterprise.</subfield></datafield><datafield ind1=" " ind2=" " tag="260"><subfield code="a">Orangeburg, S.C. :</subfield><subfield code="b">R. Lewis Berry and C.L. Howell</subfield></datafield><datafield ind1=" " ind2=" " tag="300"><subfield code="a">v.</subfield></datafield><datafield ind1=" " ind2=" " tag="310"><subfield code="a">Weekly,</subfield><subfield code="b">&lt;Oct. 18, 1893&gt; - &lt;1895?&gt;</subfield></datafield><datafield ind1=" " ind2=" " tag="321"><subfield code="a">Semiweekly,</subfield><subfield code="b">Nov. 12, 1892 - &lt;May 13, 1893&gt;</subfield></datafield><datafield ind1="0" ind2=" " tag="362"><subfield code="a">Vol. 3, no. 27 (Nov. 12, 1892)-</subfield></datafield><datafield ind1="1" ind2=" " tag="362"><subfield code="a">Ceased in 1895?</subfield></datafield><datafield ind1=" " ind2="4" tag="651"><subfield code="a">Orangeburg County (S.C.)</subfield><subfield code="v">Newspapers.</subfield></datafield><datafield ind1=" " ind2=" " tag="752"><subfield code="a">United States</subfield><subfield code="b">South Carolina</subfield><subfield code="c">Orangeburg</subfield><subfield code="d">Orangeburg.</subfield></datafield><datafield ind1="0" ind2="0" tag="780"><subfield code="t">Enterprise and alliance monitor</subfield><subfield code="w">(DLC)sn 92065538</subfield></datafield><datafield ind1="1" ind2=" " tag="029"><subfield code="a">AU@</subfield><subfield code="b">000020699189</subfield></datafield></record>